<?xml version="1.0" encoding="utf-8"?>
<record xmlns="http://www.loc.gov/MARC21/slim" xmlns:xsi="http://www.w3.org/2001/XMLSchema-instance" xsi:schemaLocation="http://www.loc.gov/MARC21/slim http://www.loc.gov/standards/marcxml/schema/MARC21slim.xsd">
	<leader>     nam a22     Mi 4500</leader>
	<controlfield tag="001">b12647706</controlfield>
	<controlfield tag="003">UaCaAUL</controlfield>
	<controlfield tag="006">m        d        </controlfield>
	<controlfield tag="007">cr cn |||m|||a</controlfield>
	<controlfield tag="008">200505s1922    ua      o     000 0 ara  </controlfield>
	<datafield ind1=" " ind2=" " tag="040">
		<subfield code="a">ZYU</subfield>
		<subfield code="b">ara</subfield>
		<subfield code="e">rda</subfield>
		<subfield code="c">ZYU</subfield>
	</datafield>
	<datafield ind1=" " ind2=" " tag="066">
		<subfield code="c">(3</subfield>
	</datafield>
	<datafield ind1="0" ind2="0" tag="050">
		<subfield code="a">PJ7750.Q2</subfield>
		<subfield code="b">K3 1922</subfield>
	</datafield>
	<datafield ind1=" " ind2=" " tag="051">
		<subfield code="a">PJ7750.Q2</subfield>
		<subfield code="b">K3 1922 Copy 2,</subfield>
		<subfield code="c">Mansuri Book Collection, 7-110</subfield>
	</datafield>
	<datafield ind1="1" ind2=" " tag="100">
		<subfield code="6">880-01</subfield>
		<subfield code="a">Yazdādī, ʻAbd al-Raḥmān ibn ʻAlī,</subfield>
		<subfield code="e">author.</subfield>
	</datafield>
	<datafield ind1="1" ind2="0" tag="245">
		<subfield code="6">880-02</subfield>
		<subfield code="a">Kamāl al-balāghah :</subfield>
		<subfield code="b">wa-huwa Rasāʼil Shams al-Maʻālī Qābūs ibn Washmakīr : wa-fīhi rasāʼil Qābūs ilá Ibn al-ʻAmīd wa-ghayrihi wa- rasāʼiluhu ilá al-Ṣāḥib ibn ʻAbbād wa-ajwibat al-Ṣāḥib ibn ʻAbbād wa- rasāʼil Qābūs al-falsafīyah /</subfield>
		<subfield code="c">taʼlīf ʻAbd al-Raḥmān ibn ʻAlī al-Yazdādī.</subfield>
	</datafield>
	<datafield ind1="3" ind2="0" tag="246">
		<subfield code="6">880-03</subfield>
		<subfield code="a">Rasāʼil.</subfield>
	</datafield>
	<datafield ind1=" " ind2="1" tag="264">
		<subfield code="6">880-04</subfield>
		<subfield code="a">al-Qāhirah :</subfield>
		<subfield code="b">al-Maṭbaʻah al-Salafīyah,</subfield>
		<subfield code="c">1341 [1922 or 1923]</subfield>
	</datafield>
	<datafield ind1=" " ind2=" " tag="300">
		<subfield code="a">online resource (112 pages)</subfield>
	</datafield>
	<datafield ind1=" " ind2=" " tag="336">
		<subfield code="a">text</subfield>
		<subfield code="2">rdacontent</subfield>
	</datafield>
	<datafield ind1=" " ind2=" " tag="337">
		<subfield code="a">computer</subfield>
		<subfield code="2">rdamedia</subfield>
	</datafield>
	<datafield ind1=" " ind2=" " tag="338">
		<subfield code="a">online resource</subfield>
		<subfield code="2">rdacarrier</subfield>
	</datafield>
	<datafield ind1=" " ind2=" " tag="500">
		<subfield code="6">880-05</subfield>
		<subfield code="a">Ṭubiʻa ʻalá nafaqat al-Maktabah al-ʻArabīyah - bi-Baghdād li-ṣāḥibahā Nuʻmān al-Aʻẓamī.</subfield>
	</datafield>
	<datafield ind1=" " ind2=" " tag="500">
		<subfield code="a">Part of the Arabic Collections Online (ACO) project, contributed by American University in Cairo Library.</subfield>
	</datafield>
	<datafield ind1=" " ind2=" " tag="504">
		<subfield code="a">Includes bibliographical references.</subfield>
	</datafield>
	<datafield ind1=" " ind2=" " tag="533">
		<subfield code="a">Electronic reproduction.</subfield>
		<subfield code="b">New York, N.Y. :</subfield>
		<subfield code="c">New York University,</subfield>
		<subfield code="d">2020.</subfield>
		<subfield code="5">NNU</subfield>
	</datafield>
	<datafield ind1="0" ind2="0" tag="600">
		<subfield code="a">Qābūs ibn Washmakīr,</subfield>
		<subfield code="d">-1012 or 1013.</subfield>
		<subfield code="t">Correspondence.</subfield>
	</datafield>
	<datafield ind1=" " ind2="0" tag="650">
		<subfield code="a">Arabic language</subfield>
		<subfield code="x">Rhetoric.</subfield>
	</datafield>
	<datafield ind1=" " ind2="7" tag="650">
		<subfield code="a">Arabic language</subfield>
		<subfield code="x">Rhetoric.</subfield>
		<subfield code="2">fast</subfield>
		<subfield code="0">(OCoLC)fst00812415</subfield>
	</datafield>
	<datafield ind1="0" ind2=" " tag="700">
		<subfield code="6">880-06</subfield>
		<subfield code="a">Qābūs ibn Washmakīr,</subfield>
		<subfield code="d">-1012 or 1013.</subfield>
	</datafield>
	<datafield ind1="2" ind2=" " tag="710">
		<subfield code="a">American University in Cairo.</subfield>
		<subfield code="b">Library.</subfield>
	</datafield>
	<datafield ind1="0" ind2=" " tag="730">
		<subfield code="a">Arabic Collections Online.</subfield>
	</datafield>
	<datafield ind1="0" ind2="8" tag="776">
		<subfield code="i">Online version:</subfield>
		<subfield code="a">Qābūs ibn Washmakīr, -1012 or 1013.</subfield>
		<subfield code="t">Kamāl al-balāghah.</subfield>
		<subfield code="d">Baghdād : al-Maktabah al-ʻArabīyah ; Misṛ : yuṭlabu fī Miṣr min al-Maṭbaʻah al-Salafīyah, 1341 [1922 or 1923]</subfield>
		<subfield code="w">(OCoLC)875867942</subfield>
	</datafield>
	<datafield ind1="0" ind2="8" tag="776">
		<subfield code="i">Print version:</subfield>
		<subfield code="a">Yazdādī, ʻAbd al-Raḥmān ibn ʻAlī, author.</subfield>
		<subfield code="t">Kamāl al-balāghah</subfield>
		<subfield code="w">(UaCaAUL)b12647706</subfield>
		<subfield code="w">(DLC)   72284759 </subfield>
		<subfield code="w">(OCoLC)32523007</subfield>
	</datafield>
	<datafield ind1="4" ind2="0" tag="856">
		<subfield code="u">http://hdl.handle.net/2333.1/bcc2g1pz</subfield>
	</datafield>
	<datafield ind1="0" ind2=" " tag="880">
		<subfield code="6">100-01</subfield>
		<subfield code="a">.‏يزدادي، عبد الرحمن بن علي.</subfield>
	</datafield>
	<datafield ind1="1" ind2="0" tag="880">
		<subfield code="6">245-02</subfield>
		<subfield code="a">‏كمال البلاغة :‏</subfield>
		<subfield code="b">‏وهو رسائل شمس المعالي قابوس بن وشمكير : وفيه رسائل قابوس إلى إبن العميد وغيره و رسائله إلى الصاحب بن عباد وأجوبة الصاحب بن عباد و رسائل قابوس الفلسفية /‏</subfield>
		<subfield code="c">‏تأليف عبد الرحمن بن علي اليزدادي.</subfield>
	</datafield>
	<datafield ind1="3" ind2="0" tag="880">
		<subfield code="6">246-03</subfield>
		<subfield code="a">‏رسائل.</subfield>
	</datafield>
	<datafield ind1=" " ind2="1" tag="880">
		<subfield code="6">264-04</subfield>
		<subfield code="a">‏القاهرة :‏</subfield>
		<subfield code="b">‏المطبعة السلفية،‏</subfield>
		<subfield code="c">‏1341 [1922 or 1923]</subfield>
	</datafield>
	<datafield ind1=" " ind2=" " tag="880">
		<subfield code="6">500-05</subfield>
		<subfield code="a">طبع على نفقة المكتبة العربية - ببغداد لصاحبها نعمان الأعظمي.</subfield>
	</datafield>
	<datafield ind1="1" ind2=" " tag="880">
		<subfield code="6">700-06</subfield>
		<subfield code="a">‏قابوس بن وشمكير،‏</subfield>
		<subfield code="d">‏-1012 أو 1013</subfield>
	</datafield>
	<datafield ind1=" " ind2=" " tag="959">
		<subfield code="a">NNU</subfield>
		<subfield code="b">WEB</subfield>
		<subfield code="c">GENI</subfield>
		<subfield code="t">0</subfield>
		<subfield code="m">Electronic access</subfield>
		<subfield code="s">01</subfield>
	</datafield>
	<datafield ind1=" " ind2=" " tag="999">
		<subfield code="i">UaCaAUL_b12647706</subfield>
		<subfield code="o">(OCoLC)ocm32523007</subfield>
		<subfield code="s">auc_aco001122:</subfield>
	</datafield>
</record>
